@article{OriginalPhaseVocoder,
	title={Phase vocoder},
	author={Flanagan, James L and Golden, RM},
	journal={Bell System Technical Journal},
	volume={45},
	number={9},
	pages={1493--1509},
	year={1966},
	publisher={Wiley Online Library}
}

@article{ImprovedPhaseVocoder,
	title={Improved phase vocoder time-scale modification of audio},
	author={Laroche, Jean and Dolson, Mark},
	journal={IEEE Transactions on Speech and Audio processing},
	volume={7},
	number={3},
	pages={323--332},
	year={1999},
	publisher={IEEE}
}
